% Encoding: UTF-8

@misc{bib:2016_JP_Environment,
  title={日本国温室効果ガスインベントリ報告書},
  author={環境省},
  year={2016},
  publisher={国立環境研究所}
}

@article{bib:hernandez2012mobile_1,
  title={Mobile robots for localizing gas emission sources on landfill sites: is bio-inspiration the way to go?},
  author={Hernandez Bennetts, Victor and Lilienthal, Achim J and Neumann, Patrick P and Trincavelli, Marco},
  journal={Frontiers in Neuroengineering},
  volume={4},
  year={2012},
  publisher={Frontiers}
}

@inproceedings{bib:bennetts2013towards_5,
  title={Towards real-world gas distribution mapping and leak localization using a mobile robot with 3d and remote gas sensing capabilities},
  author={Bennetts, Victor Manuel Hernandez and Lilienthal, Achim J and Khaliq, Ali Abdul and Sese, Victor Pomareda and Trincavelli, Marco},
  booktitle={Robotics and Automation (ICRA), 2013 IEEE International Conference on},
  pages={2335--2340},
  year={2013},
  organization={IEEE}
}

@article{bib:2010_endo_4,
  title={廃棄物処分場からの温室効果ガスの測定と維持管理への応用},
  author={遠藤和人 and 山田正人},
  journal={EICA},
  volume={15},
  number={1},
  pages={24--27},
  year={2010},
  publisher={環境システム計測制御学会}
}

@article{bib:2016_nagamori_3,
  title={埋立地ガス調査による廃棄物最終処分場の安全確認について},
  author={長森正尚 and 山田正人 and 石垣智基},
  journal={廃棄物資源循環学会誌},
  volume={27},
  number={1},
  pages={39--48},
  year={2016},
  publisher={廃棄物資源循環学会}
}

@inproceedings{trincavelli2012least_9,
  title={A least squares approach for learning gas distribution maps from a set of integral gas concentration measurements obtained with a TDLAS sensor},
  author={Trincavelli, Marco and Bennetts, Victor Hernandez and Lilienthal, Achim J},
  booktitle={Sensors, 2012 IEEE},
  pages={1--4},
  year={2012},
  organization={IEEE}
}

@inproceedings{trincavelli2012least_9_2,
  title={A least squares approach for learning gas distribution maps from a set of integral gas concentration measurements obtained with a {TDLAS} sensor},
  author={Trincavelli, Marco and Bennetts, Victor Hernandez and Lilienthal, Achim J},
  booktitle={Proceedings of IEEE Sensors},
  year={2012},
}

@article{price2001algorithm_13,
  title={An algorithm for real-time tomography of gas concentrations, using prior information about spatial derivatives},
  author={Price, Phillip N and Fischer, Marc L and Gadgil, Ashok J and Sextro, Richard G},
  journal={Atmospheric Environment},
  volume={35},
  number={16},
  pages={2827--2835},
  year={2001},
  publisher={Elsevier}
}

@article{mimura2012compressed_sensing,
  title={圧縮センシング: 疎情報の再構成とそのアルゴリズム (時間周波数解析の理論とその理工学的応用)},
  author={三村和史},
  journal={数理解析研究所講究録},
  volume={1803},
  pages={26--56},
  year={2012},
  publisher={京都大学数理解析研究所}
}

@article{kudo2016tomography,
  title={圧縮センシングを用いたトモグラフィー画像再構成},
  author={工藤博幸 and 董建 and 加茂勝己 and 堀井則孝 and 古河弘光 and 波多聰 and 村山光宏 and 佐藤和久 and 宮崎伸介},
  journal={顕微鏡},
  volume={51},
  number={1},
  pages={48--53},
  year={2016},
  publisher={日本顕微鏡学会}
}

@misc{ozeki2016sparse,
  title={今日からできるスパースモデリング},
  author={大関真之},
  howpublished = {http://www-adsys.sys.i.kyoto-u.ac.jp/mohzeki/Presentation/lecturenote20160822.pdf},
  note={(閲覧日 2019年1月29日)}
}

@article{sakai2016compressed_sensing,
  title={圧縮センシングの基礎原理と画像再構成アルゴリズムの進歩},
  author={酒井智弥},
  journal={Medical Imaging Technology},
  volume={34},
  number={4},
  pages={177--185},
  year={2016},
  publisher={日本医用画像工学会}
}

@article{lilienthal2004building,
  title={Building gas concentration gridmaps with a mobile robot},
  author={Lilienthal, Achim and Duckett, Tom},
  journal={Robotics and Autonomous Systems},
  volume={48},
  number={1},
  pages={3--16},
  year={2004},
  publisher={Elsevier}
}

@inproceedings{lilienthal2009statistical,
  title={A statistical approach to gas distribution modelling with mobile robots-the kernel dm+ v algorithm},
  author={Lilienthal, Achim J and Reggente, Matteo and Trincavelli, Marco and Blanco, Jose Luis and Gonzalez, Javier},
  booktitle={Proceedings of IEEE/RSJ International Conference on Intelligent Robots and Systems},
  pages={570--576},
  year={2009}
}

@inproceedings{reggente2009using,
  title={Using local wind information for gas distribution mapping in outdoor environments with a mobile robot},
  author={Reggente, Matteo and Lilienthal, Achim J},
  booktitle={Proceedings of IEEE Sensors},
  pages={1715--1720},
  year={2009}
}

@article{monroy2016time,
  title={Time-variant gas distribution mapping with obstacle information},
  author={Monroy, Javier G and Blanco, Jose-Luis and Gonzalez-Jimenez, Javier},
  journal={Autonomous Robots},
  volume={40},
  number={1},
  pages={1--16},
  year={2016},
  publisher={Springer}
}

@inproceedings{frish2005standoff,
  title={Standoff gas leak detectors based on tunable diode laser absorption spectroscopy},
  author={Frish, Michael B and Wainner, Richard T and Green, B David and Laderer, Matthew C and Allen, Mark G},
  booktitle={Proceedings of SPIE: Infrared to Terahertz Technologies for Health and the Environment},
  volume={6010},
  year={2005}
}

@misc{bib:aboshi,
  title={網干健康増進センター事故に係る調査報告書:資料編},
  howpublished = {http://www.city.himeji.lg.jp/var/rev0/0110/1627/2017112313138.pdf},
  note={(閲覧日 2019年1月29日)}
}

@misc{bib:yamada20HP,
  title={埋立地ガスのモニタリング方法の開発．国立環境研究所循環型社会・廃棄物研究センターオンラインマガジン環環},
  author={山田正人},
  howpublished = {http://www-cycle.nies.go.jp/magazine/kenkyu/20070521.htm},
  note={(閲覧日 2019年2月12日)}
}

@Comment{jabref-meta: databaseType:bibtex;}
